@article{Misaka1967,
  title = {{Formularization of Mean Resistance to Deformation of Plain Carbon Steels at Elevated Temperature}},
  author = {Misaka, Y. and Yoshimoto, T.},
  year = {1967},
  journal = {J. JSTP},
  volume = {8},
  number = {79},
  langid = {japanese},
  file = {/home/christoph/Zotero/storage/JALHH6MU/美坂の式.pdf}
}
